@inproceedings{anderson1999design,
  title={Design of a helmholtz coil for susceptibility testing using variational calculus and experimental verification},
  author={Anderson, Theodore},
  booktitle={1999 IEEE International Symposium on Electromagnetic Compatability. Symposium Record (Cat. No. 99CH36261)},
  volume={2},
  pages={601--604},
  year={1999},
  organization={IEEE}
},
@article{cohen1952rydberg,
  title={The Rydberg constant and the atomic mass of the electron},
  author={Cohen, E Richard},
  journal={Physical Review},
  volume={88},
  number={2},
  pages={353},
  year={1952},
  publisher={APS}
}